<collection xmlns="http://www.loc.gov/MARC21/slim">
<record>
  <leader>02013nam0a2200289 i 450 </leader>
  <controlfield tag="001">IT\ICCU\CNCE\075292</controlfield>
  <controlfield tag="005">20111019000000.0</controlfield>
  <datafield tag="012" ind1=" " ind2=" ">
    <subfield code="a">uesi o.s. i.c. p.Ad (7) 1592 (R)</subfield>
    <subfield code="2">fei</subfield>
    <subfield code="9">1</subfield>
  </datafield>
  <datafield tag="012" ind1=" " ind2=" ">
    <subfield code="a">3760 1931 5344 76as (C) 1592 (R)</subfield>
    <subfield code="2">fei</subfield>
    <subfield code="9">2</subfield>
  </datafield>
  <datafield tag="100" ind1=" " ind2=" ">
    <subfield code="a">20100601d1592        0itac0103    ba</subfield>
  </datafield>
  <datafield tag="101" ind1=" " ind2=" ">
    <subfield code="a">ITA</subfield>
    <subfield code="a">LAT</subfield>
  </datafield>
  <datafield tag="102" ind1=" " ind2=" ">
    <subfield code="a">IT</subfield>
  </datafield>
  <datafield tag="200" ind1="1" ind2=" ">
    <subfield code="a">Dittionario volgare, &amp; latino, nel quale si contiene come i vocaboli italiani si possono dire, &amp; esprimere latinamente: per m. Filippo Venuti da Cortona, con un dittionario delle voce latine simile  ̉quello del Calepino, co&apos; numeri per ritrouar nel volgare la loro significatione. Aggiunto del medesimo in questa nuoua impressione. Corretto con diligenza, &amp; accresciuto di nuouo di molte uoci, che non erano nell&apos;altre impressioni</subfield>
  </datafield>
  <datafield tag="210" ind1=" " ind2=" ">
    <subfield code="a">In Venetia</subfield>
    <subfield code="c">appresso Gio. Domenico de Micheli</subfield>
    <subfield code="d">1592</subfield>
    <subfield code="e">Venetijs</subfield>
    <subfield code="g">\Giovanni Domenico Micheli!</subfield>
    <subfield code="g">ex Ioannis Antonij Bertani typographeio</subfield>
    <subfield code="h">1592</subfield>
  </datafield>
  <datafield tag="215" ind1=" " ind2=" ">
    <subfield code="a">2 pt.</subfield>
    <subfield code="d">8ʻ</subfield>
  </datafield>
  <datafield tag="300" ind1=" " ind2=" ">
    <subfield code="a">La data sul front. della pt. 1 erroneamente stampata: MDLXCII. 2: Dictionarium Latinum: quo Latinae voces, Italicis in dictionario priore adiunctae ... iuxta Calepini ordinem demonstrantur ... Venetiis : apud Dominicum Michaelem, 1592</subfield>
  </datafield>
  <datafield tag="423" ind1=" " ind2="0">
    <subfield code="1">001IT\ICCU\CNCE\068044</subfield>
    <subfield code="1">2001 </subfield>
    <subfield code="a">Dictionarium latinum quo latinae voces, italicis in dictionario priore adiunctae ...</subfield>
  </datafield>
  <datafield tag="620" ind1=" " ind2=" ">
    <subfield code="a">IT</subfield>
    <subfield code="d">Venezia</subfield>
  </datafield>
  <datafield tag="700" ind1=" " ind2="1">
    <subfield code="a">Venuti,</subfield>
    <subfield code="b">Filippo</subfield>
    <subfield code="3">IT\ICCU\CNCA\006428</subfield>
  </datafield>
  <datafield tag="712" ind1="0" ind2="0">
    <subfield code="a">Micheli, Giovanni Domenico</subfield>
    <subfield code="3">IT\ICCU\CNCT\003289</subfield>
    <subfield code="4">650</subfield>
  </datafield>
  <datafield tag="712" ind1="0" ind2="0">
    <subfield code="a">Bertano, Giovanni Antonio</subfield>
    <subfield code="3">IT\ICCU\CNCT\000379</subfield>
    <subfield code="4">650</subfield>
  </datafield>
  <datafield tag="791" ind1="0" ind2="0">
    <subfield code="a">Bertanus, Ioannes Antonius</subfield>
    <subfield code="3">IT\ICCU\CNCT\004353</subfield>
    <subfield code="z">Bertano, Giovanni Antonio</subfield>
  </datafield>
  <datafield tag="801" ind1=" " ind2="3">
    <subfield code="a">IT</subfield>
    <subfield code="b">ICCU</subfield>
    <subfield code="c">20201115</subfield>
  </datafield>
  <datafield tag="899" ind1=" " ind2=" ">
    <subfield code="a">Biblioteca nazionale centrale. Firenze</subfield>
    <subfield code="1">FI0098</subfield>
    <subfield code="2">CFI CF</subfield>
  </datafield>
  <datafield tag="899" ind1=" " ind2=" ">
    <subfield code="a">Biblioteca comunale. Tivoli</subfield>
    <subfield code="1">RM0606</subfield>
    <subfield code="2">RMS C3</subfield>
  </datafield>
  <datafield tag="911" ind1=" " ind2=" ">
    <subfield code="a">Sui front. e sul colophon</subfield>
    <subfield code="9">IT\ICCU\CNCM\002441</subfield>
  </datafield>
  <datafield tag="921" ind1=" " ind2=" ">
    <subfield code="a">IT\ICCU\CNCM\002441</subfield>
    <subfield code="b">Spada retta da due zampe con un tralcio di vite attorcigliato alla lama.</subfield>
    <subfield code="e">Non sine spe</subfield>
    <subfield code="c">U970</subfield>
    <subfield code="f">SPADA</subfield>
    <subfield code="f">VITE</subfield>
    <subfield code="f">NONSINESPE</subfield>
    <subfield code="g">1592-1600</subfield>
  </datafield>
</record>
</collection>
